% used references

% DONE
@misc{CloudSecurityAlliance.2022,
  author       = {{Cloud Security Alliance}},
  year         = {2022},
  title        = {{Top Threats to Cloud Computing Pandemic Eleven}},
  howpublished = {\url{https://cloudsecurityalliance.org/artifacts/top-threats-to-cloud-computing-pandemic-eleven}},
  note         = {Letzter Zugriff: 07.12.2023}
}

% DONE
@misc{Whittaker.2023,
  author       = {Whittaker, Zack},
  year         = {2023},
  title        = {Toyota confirms another years-long data leak, this time exposing at least 260,000 car owners},
  howpublished = {\url{https://techcrunch.com/2023/05/31/toyota-customer-data-leak-years/}},
  note         = {Letzter Zugriff: 07.12.2023}
}

% DONE
@misc{PSNI.2023,
  author       = {PSNI},
  year         = {2023},
  title        = {{Police Service of Northern Ireland statement on data breach | PSNI}},
  howpublished = {\url{https://www.psni.police.uk/latest-news/police-service-northern-ireland-statement-data-breach}},
  note         = {Letzter Zugriff: 07.12.2023}
}

% DONE
@misc{KPMG.2022,
  author       = {KPMG},
  year         = {2022},
  title        = {{Nutzung von Cloud Computing in Unternehmen in Deutschland in den Jahren 2011 bis 2022}},
  howpublished = {\url{https://de.statista.com/statistik/daten/studie/177484/umfrage/einsatz-von-cloud-computing-in-deutschen-unternehmen-2011/}},
  note         = {Letzter Zugriff: 07.12.2023}
}

% DONE
@inproceedings{Surianarayanan.2023b,
  author    = {Surianarayanan, Chellammal and Chelliah, Pethuru Raj},
  title     = {{Introduction to Cloud Computing}},
  pages     = {1--38},
  publisher = {{Springer International Publishing} and {Imprint: Springer}},
  booktitle = {Essentials of Cloud Computing},
  year      = {2023},
  address   = {Cham}
}

% DONE
@article{Kuzina.2023,
  title     = {{CASSED: Context-based Approach for Structured Sensitive Data Detection}},
  author    = {Ku{\v{z}}ina, Vjeko and Petric, Ana-Marija and Bari{\v{s}}i{\'c}, Marko and Jovi{\'c}, Alan},
  journal   = {Expert Systems With Applications},
  volume    = {223},
  pages     = {119924},
  year      = {2023},
  publisher = {Elsevier}
}

% DONE
@article{Alneyadi.2016,
  author    = {Alneyadi, Sultan and Sithirasenan, Elankayer and Muthukkumarasamy, Vallipuram},
  year      = {2016},
  title     = {{A survey on data leakage prevention systems}},
  pages     = {137--152},
  volume    = {62},
  journal   = {Journal of Network and Computer Applications},
  publisher = {Elsevier}
}

% DONE
@misc{CATechnologies.2018,
  author       = {{CA Technologies}},
  year         = {2018},
  title        = {{2018 Insider Threat Report}},
  howpublished = {\url{https://crowdresearchpartners.com/wp-content/uploads/2017/07/Insider-Threat-Report-2018.pdf}},
  note         = {Letzer Zugriff: 07.12.2023}
}

% DONE
@misc{Chugh.2023,
  author       = {Chugh, Ravisha and Bales, Andrew},
  year         = {2023},
  title        = {{Marktf{\"u}hrer f{\"u}r Data Loss Prevention}},
  howpublished = {\url{https://www.gartner.com/doc/reprints?id=1-2EYVL2C2\&ct=230912\&st=sb}},
  note         = {Letzter Zugriff: 07.12.2023}
}

% DONE
@inproceedings{Trabelsi.2019,
  author       = {Trabelsi, Slim},
  title        = {Monitoring Leaked Confidential Data},
  pages        = {1--5},
  organization = {IEEE},
  booktitle    = {2019 10th IFIP International Conference on New Technologies, Mobility and Security (NTMS)},
  year         = {2019}
}

% DONE
@inproceedings{Brindha.2015,
  author    = {Brindha, T. and Shaji, R. S.},
  title     = {An analysis of data leakage and prevention techniques in cloud environment},
  pages     = {350--355},
  publisher = {IEEE},
  booktitle = {2015 International Conference on Control, Instrumentation, Communication and Computational Technologies (ICCICCT)},
  year      = {2015}
}

% DONE
@inproceedings{Monev.2023,
  author    = {Monev, Veselin},
  title     = {{Data Leakage Prevention in ISO 27001: Compliance and Implementation}},
  pages     = {1--5},
  publisher = {IEEE},
  booktitle = {2023 International Conference on Information Technologies (InfoTech)},
  year      = {2023}
}

% DONE
@misc{Proofpoint.2021b,
  author       = {Proofpoint},
  year         = {2021},
  title        = {{DLP - Data Loss Prevention: Schutz vor Datenverlust | Proofpoint DE}},
  howpublished = {\url{https://www.proofpoint.com/de/threat-reference/dlp}},
  note         = {Letzter Zugriff: 07.12.2023}
}

% DONE
@misc{NIST.2014,
  author       = {NIST},
  year         = {2014},
  title        = {{Framework for Improving Critical Infrastructure Cybersecurity}},
  howpublished = {\url{https://www.nist.gov/system/files/documents/cyberframework/cybersecurity-framework-021214.pdf}},
  note         = {Letzter Zugriff: 07.12.2023}
}

% DONE
@inproceedings{Hussain.2022,
  author       = {Hussain, Mohammad Equebal and Hussain, Rashid},
  title        = {{Cloud Security as a Service Using Data Loss Prevention: Challenges and Solution}},
  pages        = {98--106},
  organization = {Springer},
  booktitle    = {International Conference on Internet of Things and Connected Technologies},
  year         = {2021},
  address      = {Cham}
}

% DONE
@article{HerreraMontano.2022,
  author    = {{Herrera Montano}, Isabel and {Garc{\'i}a Aranda}, Jos{\'e} Javier and {Ramos Diaz}, Juan and {Molina Card{\'i}n}, Sergio and de {La Torre D{\'i}ez}, Isabel and Rodrigues, Joel J. P. C.},
  year      = {2022},
  title     = {{Survey of Techniques on Data Leakage Protection and Methods to address the Insider threat}},
  pages     = {4289--4302},
  volume    = {25},
  number    = {6},
  journal   = {Cluster Computing},
  publisher = {Springer}
}

% DONE
@inproceedings{Shishodia.2022,
  author    = {Shishodia, Bhavya Singh and Nene, Manisha J.},
  title     = {{Data Leakage Prevention System for Internal Security}},
  pages     = {1--6},
  publisher = {IEEE},
  booktitle = {2022 International Conference on Futuristic Technologies (INCOFT)},
  year      = {2022}
}

% DONE
@misc{Gartner.2023,
  author       = {Gartner},
  year         = {2023},
  title        = {{Umsatz mit Software-as-a-Service (SaaS) weltweit von 2010 bis 2022 und Prognose bis 2024 (in Milliarden US-Dollar)}},
  howpublished = {\url{https://de.statista.com/statistik/daten/studie/194117/umfrage/umsatz-mit-software-as-a-service-weltweit-seit-2010/}},
  note         = {Letzter Zugriff: 08.12.2023}
}

% DONE
@article{Hauer.2015,
  title     = {{Data and information leakage prevention within the scope of information security}},
  author    = {Hauer, Barbara},
  journal   = {IEEE Access},
  volume    = {3},
  pages     = {2554--2565},
  year      = {2015},
  publisher = {IEEE}
}

% DONE
@article{Guo.2021,
  author  = {Guo, Yongyan and Liu, Jiayong and Tang, Wenwu and Huang, Cheng},
  year    = {2021},
  title   = {{Exsense: Extract sensitive information from unstructured data}},
  pages   = {102156},
  volume  = {102},
  journal = {Computers {\&} Security}
}

% DONE
@article{Pogiatzis.2020,
  author  = {Pogiatzis, Antreas and Samakovitis, Georgios},
  year    = {2020},
  title   = {{Using BiLSTM Networks for Context-Aware Deep Sensitivity Labelling on Conversational Data}},
  pages   = {8924},
  volume  = {10},
  number  = {24},
  journal = {Applied Sciences}
}

% DONE
@article{Landwehr.1984,
  author  = {Landwehr, Carl E. and Heitmeyer, Constance L. and McLean, John},
  year    = {1984},
  title   = {A security model for military message systems},
  pages   = {198--222},
  volume  = {2},
  number  = {3},
  issn    = {0734-2071},
  journal = {ACM Transactions on Computer Systems}
}

% DONE
@article{Allahyari.2017,
  title   = {{A brief survey of text mining: Classification, clustering and extraction techniques}},
  author  = {Allahyari, Mehdi and Pouriyeh, Seyedamin and Assefi, Mehdi and Safaei, Saied and Trippe, Elizabeth D and Gutierrez, Juan B and Kochut, Krys},
  journal = {arXiv preprint arXiv:1707.02919},
  year    = {2017}
}

% DONE
@article{Shabtai.2012b,
  title     = {A taxonomy of data leakage prevention solutions},
  author    = {Shabtai, Asaf and Elovici, Yuval and Rokach, Lior and Shabtai, Asaf and Elovici, Yuval and Rokach, Lior},
  journal   = {A survey of data leakage detection and prevention solutions},
  pages     = {11--15},
  year      = {2012},
  publisher = {Springer}
}

% DONE
@inproceedings{Alsuwaie.2021,
  title        = {{Data Leakage Prevention Adoption Model \& DLP Maturity Level Assessment}},
  author       = {Alsuwaie, Mohammed A and Habibnia, Babak and Gladyshev, Pavel},
  booktitle    = {2021 International Symposium on Computer Science and Intelligent Controls (ISCSIC)},
  pages        = {396--405},
  year         = {2021},
  organization = {IEEE}
}

% DONE
@inproceedings{Divadari.2023,
  title        = {{Managing Data Protection and Privacy on Cloud}},
  author       = {Divadari, Satyavathi and Surya Prasad, J and Honnavalli, Prasad},
  booktitle    = {Proceedings of 3rd International Conference on Recent Trends in Machine Learning, IoT, Smart Cities and Applications: ICMISC 2022},
  pages        = {383--396},
  year         = {2023},
  organization = {Springer}
}

% DONE
@misc{Venhorst.2019,
  author       = {Venhorst, J{\"u}rgen},
  year         = {2019},
  title        = {{Warum eine manuelle Datenklassifizierung nicht sinnvoll ist}},
  howpublished = {\url{https://www.computerweekly.com/de/meinung/Warum-eine-manuelle-Datenklassifizierung-nicht-sinnvoll-ist}},
  note         = {Letzer Zugriff: 08.12.2023}
}

% DONE
@inproceedings{Lin.2020,
  title        = {Detecting security breaches in personal data protection with machine learning},
  author       = {Lin, Chu-Hsing and Yang, Po-Kai and Lin, Yu-Chiao},
  booktitle    = {2020 14th International Conference on Ubiquitous Information Management and Communication (IMCOM)},
  pages        = {1--7},
  year         = {2020},
  organization = {IEEE}
}

% DONE
@article{Gugelmann.2015,
  title     = {Can content-based data loss prevention solutions prevent data leakage in Web traffic?},
  author    = {Gugelmann, David and Studerus, Pascal and Lenders, Vincent and Ager, Bernhard},
  journal   = {IEEE Security \& Privacy},
  volume    = {13},
  number    = {4},
  pages     = {52--59},
  year      = {2015},
  publisher = {IEEE}
}

% DONE
@inproceedings{Ong.2017,
  title        = {Context-aware data loss prevention for cloud storage services},
  author       = {Ong, Yuya Jeremy and Qiao, Mu and Routray, Ramani and Raphael, Roger},
  booktitle    = {2017 IEEE 10th International Conference on Cloud Computing (CLOUD)},
  pages        = {399--406},
  year         = {2017},
  organization = {IEEE}
}

% DONE
@article{Shu.2015,
  title     = {Privacy-preserving detection of sensitive data exposure},
  author    = {Shu, Xiaokui and Yao, Danfeng and Bertino, Elisa},
  journal   = {IEEE transactions on information forensics and security},
  volume    = {10},
  number    = {5},
  pages     = {1092--1103},
  year      = {2015},
  publisher = {IEEE}
}

% DONE
@misc{Bonthu.2023,
  author       = {Bonthu, Harika},
  year         = {2023},
  title        = {{Single-Link Hierarchical Clustering Clearly Explained!}},
  howpublished = {\url{https://www.analyticsvidhya.com/blog/2021/06/single-link-hierarchical-clustering-clearly-explained/}},
  note         = {Letzter Zugriff: 08.12.2023}
}

% DONE
@article{Suyal.2014,
  title     = {Text clustering algorithms: a review},
  author    = {Suyal, Himanshu and Panwar, Amit and Negi, Ajit Singh},
  journal   = {International Journal of Computer Applications},
  volume    = {96},
  number    = {24},
  year      = {2014},
  pages     = {36--40},
  publisher = {Citeseer}
}

% DONE
@inproceedings{Zardari.2014,
  title        = {K-NN classifier for data confidentiality in cloud computing},
  author       = {Zardari, Munwar Ali and Jung, Low Tang and Zakaria, Nordin},
  booktitle    = {2014 International Conference on Computer and Information Sciences (ICCOINS)},
  pages        = {1--6},
  year         = {2014},
  organization = {ieee}
}

% DONE
@incollection{Frochte.2018b,
  author    = {Frochte, J{\"o}rg},
  title     = {Maschinelles Lernen -- {\"U}berblick und Abgrenzung},
  pages     = {13--31},
  publisher = {{Carl Hanser Verlag GmbH {\&} Co. KG}},
  editor    = {Frochte, J{\"o}rg},
  booktitle = {Maschinelles Lernen},
  year      = {2018},
  address   = {M{\"u}nchen}
}

% DONE
@incollection{Frochte.2018c,
  author    = {Frochte, J{\"o}rg},
  title     = {Entscheidungsb{\"a}ume},
  pages     = {117--160},
  publisher = {{Carl Hanser Verlag GmbH {\&} Co. KG}},
  editor    = {Frochte, J{\"o}rg},
  booktitle = {Maschinelles Lernen},
  year      = {2018},
  address   = {M{\"u}nchen}
}

% DONE
@article{Kaur.2016,
  title   = {A secure data classification model in cloud computing using machine learning approach},
  author  = {Kaur, Kulwinder and Zandu, Vikas},
  journal = {International Journal of Grid and Distributed Computing},
  volume  = {9},
  number  = {8},
  pages   = {13--22},
  year    = {2016}
}

% DONE
@incollection{Frochte.2018d,
  author    = {Frochte, J{\"o}rg},
  title     = {Statistische Grundlagen und Bayes-Klassifikator},
  pages     = {68--87},
  publisher = {{Carl Hanser Verlag GmbH {\&} Co. KG}},
  editor    = {Frochte, J{\"o}rg},
  booktitle = {Maschinelles Lernen},
  year      = {2018},
  address   = {M{\"u}nchen}
}

% DONE
@book{Kamath.2019,
  author    = {Kamath, Uday and Liu, John and Whitaker, James},
  year      = {2019},
  title     = {Deep learning for NLP and speech recognition},
  address   = {Cham},
  publisher = {Springer}
}

% DONE
@misc{GoogleCloud.30.11.2023,
  author       = {{Google Cloud}},
  year         = {2023},
  title        = {{Cloud Data Loss Prevention | Google Cloud}},
  howpublished = {\url{https://cloud.google.com/dlp?hl=de}},
  note         = {Letzter Zugriff: 08.12.2023}
}

% DONE
@misc{DigitalGuardian.30.11.2023,
  author       = {{Digital Guardian}},
  year         = {2023},
  title        = {{Enterprise IP {\&} DLP Software}},
  howpublished = {\url{https://www.digitalguardian.com/}},
  note         = {Letzter Zugriff: 08.12.2023}
}

% DONE
@inproceedings{Naik.2019,
  title        = {Data leakage detection in cloud using watermarking technique},
  author       = {Naik, Riya and Gaonkar, Manisha Naik},
  booktitle    = {2019 International Conference on Computer Communication and Informatics (ICCCI)},
  pages        = {1--6},
  year         = {2019},
  organization = {IEEE}
}

% DONE
@inproceedings{Costante.2016,
  title        = {A hybrid framework for data loss prevention and detection},
  author       = {Costante, Elisa and Fauri, Davide and Etalle, Sandro and Den Hartog, Jerry and Zannone, Nicola},
  booktitle    = {2016 IEEE security and privacy workshops (SPW)},
  pages        = {324--333},
  year         = {2016},
  organization = {IEEE}
}

% DONE
@article{Arki.2023,
  title     = {A Security Method for Cloud Storage Using Data Classification},
  author    = {Arki, Oussama and Zitouni, Abdelhafid and Djoudi, Mahieddine},
  journal   = {International Journal of Grid and High Performance Computing (IJGHPC)},
  volume    = {15},
  number    = {1},
  pages     = {1--17},
  year      = {2023},
  publisher = {IGI Global}
}

% DONE
@inproceedings{Papagiannis.2016,
  title     = {Browserflow: Imprecise data flow tracking to prevent accidental data disclosure},
  author    = {Papagiannis, Ioannis and Watcharapichat, Pijika and Muthukumaran, Divya and Pietzuch, Peter},
  booktitle = {Proceedings of the 17th International Middleware Conference},
  pages     = {1--13},
  year      = {2016}
}

% DONE
@article{Guri.2019,
  title     = {Using malware for the greater good: Mitigating data leakage},
  author    = {Guri, Mordechai and Puzis, Rami and Choo, Kim-Kwang Raymond and Rubinshtein, Sergey and Kedma, Gabi and Elovici, Yuval},
  journal   = {Journal of Network and Computer Applications},
  volume    = {145},
  pages     = {102405},
  year      = {2019},
  publisher = {Elsevier}
}

% DONE
@inproceedings{Zhang.2011,
  title        = {Cloud shredder: Removing the laptop on-road data disclosure threat in the cloud computing era},
  author       = {Zhang, Nan and Jing, Jiwu and Liu, Peng},
  booktitle    = {2011IEEE 10th International Conference on Trust, Security and Privacy in Computing and Communications},
  pages        = {1592--1599},
  year         = {2011},
  organization = {IEEE}
}

% DONE
@misc{Shah.03.03.2021,
  author       = {Shah, Rajvi},
  year         = {2021},
  title        = {{Introduction to k-Nearest Neighbors (kNN) Algorithm: A Powerful Supervised Machine Learning Algorithm}},
  howpublished = {\url{https://ai.plainenglish.io/introduction-to-k-nearest-neighbors-knn-algorithm-e8617a448fa8}},
  note         = {Letzter Zugriff: 08.12.2023}
}





































































